% Encoding: UTF-8

@Book{GPS2000,
  title     = {Classical Mechanics},
  publisher = {Addison Wesley},
  year      = {2000},
  author    = {H. Goldstein and C. Poole and J. Safko},
}

@Book{PK1993,
  title     = {Power System Stability and Control},
  publisher = {McGraw-Hill, Inc.},
  year      = {1993},
  author    = {P. Kundar},
  editor    = {N.J. Balu and M.G. Lauby},
}

@Comment{jabref-meta: databaseType:bibtex;}
